@book{whiten,
	title={Qu√≠mica},
	author={Stanley, Kenneth Davis Whitten Peck Larry},
	year={2014},
	publisher={Cengage}
}

@misc{santana,
  title={Equil{\'i}brio Qu{\'i}mico},
  author={Santana, Genilson Pereira},
  year={2015},
  publisher={Brazil}
}

@book{bard,
  title={Equil{\'i}brio i{\'o}nico},
  author={Bard and Doria},
  year={1970},
  publisher={Ediciones del Castillo Madrid}
}

@article{bier,
  title={Electroqu{\'i}mica},
  author={Bier, Axel},
  year={1987},
  publisher={amco}
}